@misc{BlenderKit, url={https://www.blenderkit.com/asset-gallery-detail/d814ce40-1f51-4b88-ac86-740be8e03626/}, journal={BlenderKit}} 

@phdthesis{beug2020screen,
  title={Screen Space Reflection Techniques},
  author={Beug, Anthony Paul},
  year={2020},
  school={Faculty of Graduate Studies and Research, University of Regina}
}

@inproceedings{jo2020investigating,
  title={Investigating loss functions for extreme super-resolution},
  author={Jo, Younghyun and Yang, Sejong and Kim, Seon Joo},
  booktitle={Proceedings of the IEEE/CVF conference on computer vision and pattern recognition workshops},
  pages={424--425},
  year={2020}
}

@misc{MrakJakob, title={MrakJakob/NRG\_SEMINAR}, url={https://github.com/MrakJakob/NRG_seminar/tree/main}, journal={GitHub}, author={MrakJakob}} 
